@Book{Fridrich2010,
   author	= {Fridrich, Jessica},
   title	= {Steganography in Digital Media Principles, Algorithms, and Applications},
   year		= {2010},
   publisher	= {Springer}
}

@Article{AdamaszekAdamaszek10,
   title	= {Large-girth roots of graphs},
   author	= {Adamaszek, Anna and Adamaszek, Micha{\L}},
   journal	= {SIAM Journal on Discrete Mathematics},
   volume	= {24},
   number	= {4},
   pages	= {1501-1514},
   year		= {2010},
   publisher	= {SIAM},
   url		= {https://epubs.siam.org/doi/abs/10.1137/100792949}
}

@TechReport{GamrathAndersonBestuzhevaChenEiflerGasseGemanderGleixnerGottwaldHalbigHendelHojnyKochLeMaherMatterMiltenbergerMuehmerMuellerPfetschSchloesserSerranoShinanoTawfikVigerskeWegscheiderWeningerWitzig20,
   author       = {Gerald Gamrath and Daniel Anderson and Ksenia
                     Bestuzheva and Wei-Kun Chen and Leon Eifler and
                     Maxime Gasse and Patrick Gemander and Ambros
                     Gleixner and Leona Gottwald and Katrin Halbig and
                     Gregor Hendel and Christopher Hojny and Thorsten
                     Koch and Le Bodic, Pierre and Stephen J. Maher
                     and Frederic Matter and Matthias Miltenberger and
                     Erik M{\"u}hmer and Benjamin M{\"u}ller and Marc
                     E. Pfetsch and Franziska Schl{\"o}sser and Felipe
                     Serrano and Yuji Shinano and Christine Tawfik and
                     Stefan Vigerske and Fabian Wegscheider and Dieter
                     Weninger and Jakob Witzig},
   title        = {{The SCIP Optimization Suite 7.0}},
   type         = {ZIB-Report},
   institution  = {Zuse Institute Berlin},
   number       = {20-10},
   month        = {March},
   year         = 2020,
   url          = {http://nbn-resolving.de/urn:nbn:de:0297-zib-78023}
}

@inproceedings{CarcereriRochaCarmo22,
  author = {Carcereri, Cristopher and Rocha, Aleffer and Carmo, Renato},
  title = {Reducing the Time Complexity of Computing Square Roots with Girth at Least Six of a Graph},
  language = {english},
  year = 2022,
  booktitle = {Proc. X Latin American Workshop on Cliques in Graphs (LAWCG '22)},
  address = {Curitiba},
  pages = 54,
  url = {https://www.lawcg.mat.br/lawcg22/LAWCG_2022_book_of_abstracts.pdf}
}
